<record><leader>00000cas a2200000Ia 4500</leader><controlfield tag="001">8329843</controlfield><controlfield tag="008">820412u1973uuuutxuwr ne      0    0eng d</controlfield><datafield ind1=" " ind2=" " tag="010"><subfield code="a">sn 88084276 </subfield></datafield><datafield ind1=" " ind2=" " tag="040"><subfield code="a">WIH</subfield><subfield code="b">eng</subfield><subfield code="c">WIH</subfield><subfield code="d">PPM</subfield><subfield code="d">DLC</subfield><subfield code="d">OCL</subfield><subfield code="d">PPM</subfield><subfield code="d">OCLCQ</subfield></datafield><datafield ind1=" " ind2=" " tag="019"><subfield code="a">17991814</subfield></datafield><datafield ind1=" " ind2=" " tag="043"><subfield code="a">n-us-tx</subfield></datafield><datafield ind1="0" ind2="0" tag="245"><subfield code="a">Ft. Hood sentinel.</subfield></datafield><datafield ind1="3" ind2="0" tag="246"><subfield code="a">Fort Hood sentinel</subfield></datafield><datafield ind1=" " ind2=" " tag="260"><subfield code="a">Temple, Tex. :</subfield><subfield code="b">Bell Pub. Co.</subfield></datafield><datafield ind1=" " ind2=" " tag="300"><subfield code="a">v. :</subfield><subfield code="b">ill. ;</subfield><subfield code="c">58 cm.</subfield></datafield><datafield ind1=" " ind2=" " tag="310"><subfield code="a">Weekly</subfield></datafield><datafield ind1="1" ind2=" " tag="362"><subfield code="a">Began in 1973.</subfield></datafield><datafield ind1=" " ind2=" " tag="500"><subfield code="a">Published by: Frank Mayborn Enterprises, &lt;1986-</subfield></datafield><datafield ind1=" " ind2=" " tag="521"><subfield code="a">"Published in the interest of the personnel of Ft. Hood."</subfield></datafield><datafield ind1=" " ind2=" " tag="588"><subfield code="a">Description based on: Vol. 39, no. 25 (Aug. 21, 1980).</subfield></datafield><datafield ind1=" " ind2="0" tag="651"><subfield code="a">Fort Hood (Tex.)</subfield><subfield code="v">Newspapers.</subfield></datafield><datafield ind1=" " ind2=" " tag="752"><subfield code="a">United States</subfield><subfield code="b">Texas</subfield><subfield code="c">Bell</subfield><subfield code="d">Temple.</subfield></datafield><datafield ind1="0" ind2="0" tag="780"><subfield code="t">Armored sentinel</subfield><subfield code="w">(DLC)sn 87090417</subfield></datafield></record>